% A

@incollection{Andrade1933,
  author    = {Andrade, Manuel J.},
  booktitle = {{Handbook of American Indian languages}},
  editor    = {Boas, Franz},
  pages     = {151--292},
  publisher = {Columbia University Press},
  title     = {{Quileute}},
  volume    = {3},
  year      = {1933}
}

@book{Ansaldo2010,
  doi       = {10.1075/bct.25},
  editor    = {Ansaldo, Umberto and Don, Jan and Pfau, Roland},
  publisher = {John Benjamins},
  series    = {Benjamins Current Topics 25},
  subtitle  = {{Empirical and theoretical advances}},
  title     = {{Parts of speech}},
  year      = {2010}
}

@incollection{Anward2000,
  author    = {Anward, Jan},
  booktitle = {Approaches to the typology of word classes},
  doi       = {10.1515/9783110806120},
  editor    = {Vogel, Petra M. and Comrie, Bernard},
  pages     = {3--46},
  publisher = {Mouton de Gruyter},
  series    = {Empirical Approaches to Language Typology 23},
  title     = {{A dynamic model of part-of-speech differentiation}},
  year      = {2000}
}

@book{Arad2005,
  author    = {Arad, Maya},
  publisher = {Springer},
  series    = {Studies in Natural Language {\&} Linguistic Theory 63},
  subtitle  = {{Hebrew morpho-syntax}},
  title     = {{Roots and patterns}},
  year      = {2005}
}

@article{AudringBooij2016,
  author  = {Audring, Jenny and Booij, Geert},
  doi     = {10.1515/ling-2016-0012},
  journal = {Linguistics},
  number  = {4},
  pages   = {617--637},
  title   = {{Cooperation and coercion}},
  volume  = {54},
  year    = {2016}
}

@book{Austin1962,
  author    = {Austin, J. L.},
  publisher = {Clarendon Press},
  title     = {{How to do things with words}},
  year      = {1962}
}

% B

@article{Bai2019,
  author      = {Bai, Junwei},
  institution = {James Cook University},
  title       = {{A grammar of Munya}},
  type        = {Ph.D. thesis},
  year        = {2019}
}

@book{Baker2003,
  author    = {Baker, Mark C.},
  doi       = {10.1017/CBO9780511615047},
  publisher = {Cambridge University Press},
  series    = {Cambridge Studies in Linguistics 102},
  subtitle  = {{Verbs, nouns, and adjectives}},
  title     = {{Lexical categories}},
  year      = {2003}
}

@incollection{Baker2015,
  author       = {Baker, Mark C.},
  booksubtitle = {{New approaches to the old questions of noun, verb, and adjective}},
  booktitle    = {{How categorical are categories?}},
  doi          = {10.1515/9781614514510-003},
  editor       = {Błaszczak, Joanna and Klimek-Jankowska, Dorota and Migdalski, Krzysztof},
  pages        = {13--46},
  publisher    = {Mouton de Gruyter},
  series       = {Studies in Generative Grammar 122},
  subtitle     = {{Their structures and their structural cases}},
  title        = {{Nouns, verbs, and verbal nouns}},
  year         = {2015}
}

@thesis{Beck1999,
  author   = {Beck, David},
  school   = {University of Toronto},
  subtitle = {{The markedness of adjectives}},
  title    = {{The typology of parts of speech systems}},
  type     = {Ph.D. thesis},
  year     = {1999}
}

@book{Beck2002,
  author    = {Beck, David},
  doi       = {10.4324/9780203475201},
  publisher = {Routledge},
  series    = {Outstanding Dissertations in Linguistics},
  subtitle  = {{The markedness of adjectives}},
  title     = {{The typology of parts of speech systems}},
  year      = {2002}
}

@incollection{Beck2013,
  author       = {Beck, David},
  booksubtitle = {{Typological studies of underspecified parts of speech}},
  booktitle    = {{Flexible word classes}},
  doi          = {10.1093/acprof:oso/9780199668441.003.0007},
  editor       = {Rijkhoff, Jan and van Lier, Eva},
  pages        = {185--220},
  publisher    = {Oxford University Press},
  title        = {{Unidirectional flexibility and the noun-verb distinction in Lushootseed}},
  year         = {2013}
}

@manual{BickelComrieHaspelmath2015,
  author       = {Bickel, Balthasar and Comrie, Bernard and Haspelmath, Martin},
  location     = {Leipzig},
  organization = {Max Planck Institute for Evolutionary Anthropology},
  publisher    = {Department of Linguistics},
  subtitle     = {{Conventions for interlinear morpheme-by-morpheme glosses}},
  title        = {{The Leipzig glossing rules}},
  url          = {https://www.eva.mpg.de/lingua/resources/glossing-rules.php},
  year         = {2015}
}

@article{Bisang2008,
  author   = {Bisang, Walter},
  doi      = {10.1075/sl.32.3.05bis},
  journal  = {Studies in Language},
  number   = {3},
  pages    = {568--589},
  subtitle = {{The case of Late Archaic Chinese}},
  title    = {{Precategoriality and syntax-based parts of speech}},
  volume   = {32},
  year     = {2008}
}

@incollection{Bisang2013,
  author       = {Bisang, Walter},
  booksubtitle = {{Typological studies of underspecified parts of speech}},
  booktitle    = {{Flexible word classes}},
  editor       = {Rijkhoff, Jan and van Lier, Eva},
  pages        = {275--303},
  publisher    = {Oxford University Press},
  subtitle     = {{An integrative approach}},
  title        = {{Word class systems between flexibility and rigidity}},
  year         = {2013}
}

@book{BlaszczakKlimekJankowskaMigdalski2015,
  doi       = {10.1515/9781614514510},
  editor    = {Błaszczak, Joanna and Klimek-Jankowska, Dorota and Migdalski, Krzysztof},
  publisher = {Mouton de Gruyter},
  series    = {Studies in Generative Grammar 122},
  subtitle  = {{New approaches to the old questions of noun, verb, and adjective}},
  title     = {{How categorical are categories?}},
  year      = {2015}
}

@book{Bloomfield1933,
  author    = {Bloomfield, Leonard},
  publisher = {George Allen {\&} Unwin},
  title     = {{Language}},
  year      = {1933}
}

@incollection{Boas1911,
  author    = {Boas, Franz},
  booktitle = {Handbook of American Indian languages},
  editor    = {Boas, Franz},
  pages     = {1--84},
  publisher = {Smithsonian Institution},
  series    = {Bureau of American Ethnology Bulletin 40},
  title     = {{Introduction}},
  volume    = {1},
  year      = {1911}
}

@book{BolingerSears1981,
  author    = {Bolinger, Dwight and Sears, Donald A.},
  edition   = {3},
  publisher = {Harcourt Brace},
  title     = {{Aspects of language}},
  year      = {1981}
}

@incollection{BooijAudring2018,
  author    = {Booij, Geert and Audring, Jenny},
  booktitle = {Category change from a constructional perspective},
  editor    = {{Van Goethem}, Kristel and Norde, Muriel and Coussé, Evie and Vanderbauwhede, Gudrun},
  pages     = {209--228},
  publisher = {John Benjamins},
  series    = {Constructional Approaches to Language 20},
  title     = {{Category change in construction morphology}},
  year      = {2018}
}

@incollection{BowermanChoi2001,
  author    = {Bowerman, Melissa and Choi, Soonja},
  booktitle = {Language acquisition and conceptual development},
  editor    = {Bowerman, Melissa and Levinson, Stephen C.},
  publisher = {Cambridge University Press},
  series    = {Language, Culture {\&} Cognition 3},
  subtitle  = {{Universal and language-specific in the acquisition of spatial semantic categories}},
  title     = {{Shaping meanings for language}},
  year      = {2001}
}

@incollection{Braithwaite2015,
  author       = {Braithwaite, Ben},
  booksubtitle = {{New approaches to the old questions of noun, verb, and adjective}},
  booktitle    = {{How categorical are categories?}},
  doi          = {10.1515/9781614514510-003},
  editor       = {Błaszczak, Joanna and Klimek-Jankowska, Dorota and Migdalski, Krzysztof},
  pages        = {47--74},
  publisher    = {Mouton de Gruyter},
  series       = {Studies in Generative Grammar 122},
  subtitle     = {{Root allomorphy and the structure of nominal predicates}},
  title        = {{Nuu-chah-nulth nouns and verbs revisited}},
  year         = {2015}
}

@article{Broschart1997,
  author   = {Broschart, Jürgen},
  doi      = {10.1515/lity.1997.1.2.123},
  journal  = {Linguistic Typology},
  number   = {2},
  pages    = {123--165},
  subtitle = {{Categorial distinctions in a language without nouns and verbs}},
  title    = {{Why Tongan does it differently}},
  volume   = {1},
  year     = {1997}
}

@book{Bybee1985,
  author    = {Bybee, Joan L.},
  doi       = {10.1075/tsl.9},
  publisher = {John Benjamins},
  series    = {Typological Studies in Language 9},
  subtitle  = {{A study of the relation between meaning and form}},
  title     = {{Morphology}},
  year      = {1985}
}

@book{Bybee2007,
  author    = {Bybee, Joan L.},
  doi       = {10.1093/acprof:oso/9780195301571.001.0001},
  publisher = {Oxford University Press},
  title     = {{Frequency of use and the organization of language}},
  year      = {2007}
}

% C

@article{Cannon1985,
  author  = {Cannon, Garland},
  doi     = {10.1515/ling.1985.23.3.411},
  journal = {Linguistics},
  number  = {3},
  pages   = {411--432},
  title   = {{Functional shift in English}},
  volume  = {23},
  year    = {1985}
}

@incollection{Carter2006,
  author    = {Carter, Richard},
  booktitle = {Lexical categories and root classes in Amerindian languages},
  editor    = {Lois, Ximena and Vapnarsky, Valentina},
  pages     = {343--390},
  publisher = {Peter Lang},
  subtitle  = {{Problems and prospects}},
  title     = {{Polycategoriality and predictability}},
  year      = {2006}
}

@incollection{Chafe1976,
  author    = {Chafe, Wallace L.},
  booktitle = {Subject and Topic},
  editor    = {Li, Charles},
  pages     = {25--56},
  publisher = {Academic Press},
  title     = {{Givenness, contrastiveness, definiteness, subjects, topics and points of view}},
  year      = {1976}
}

@incollection{Chafe1987,
  author    = {Chafe, Wallace L.},
  booktitle = {Coherence and grounding in discourse},
  doi       = {10.1075/tsl.11.03cha},
  editor    = {Tomlin, Russell S.},
  pages     = {21--52},
  publisher = {John Benjamins},
  series    = {Typological Studies in Language 11},
  title     = {{Cognitive constraints on information flow}},
  year      = {1987}
}

@article{Chafe2012,
  author   = {Chafe, Wallace},
  doi      = {10.1515/lingty-2012-0001},
  journal  = {Linguistic Typology},
  number   = {1},
  pages    = {1--39},
  subtitle = {{The case of Northern Iroquoian}},
  title    = {{Are adjectives universal?}},
  volume   = {16},
  year     = {2012}
}

@article{Chung2012,
  author   = {Chung, Sandra},
  doi      = {10.1515/tl-2012-0001},
  journal  = {Theoretical Linguistics},
  number   = {1-2},
  pages    = {1--56},
  subtitle = {{The view from Chamorro}},
  title    = {{Are lexical categories universal?}},
  volume   = {38},
  year     = {2012}
}

@book{Comrie1976,
  author    = {Comrie, Bernard},
  publisher = {Cambridge University Press},
  series    = {Cambridge Textbooks in Linguistics},
  subtitle  = {{An introduction to the study of verbal aspect and related problems}},
  title     = {{Aspect}},
  year      = {1976}
}

@article{Corbett1978,
  author  = {Corbett, Greville G.},
  doi     = {10.1016/0024-3841(78)90054-2},
  journal = {Lingua},
  pages   = {355--368},
  title   = {{Universals in the syntax of cardinal numerals}},
  volume  = {46},
  year    = {1978}
}

@book{Corbett2000,
  author    = {Corbett, Greville G.},
  doi       = {10.1017/CBO9781139164344},
  publisher = {Cambridge University Press},
  series    = {Cambridge Textbooks in Linguistics},
  title     = {{Number}},
  year      = {2000}
}

@incollection{Corbett2005,
  author    = {Corbett, Greville G.},
  booktitle = {Linguistic diversity and language theories},
  editor    = {Frajzyngier, Zygmunt and Hodges, Adam and Rood, David S.},
  pages     = {25--50},
  publisher = {John Benjamins},
  series    = {Studies in Language Companion Series 72},
  title     = {{The canonical approach in typology}},
  year      = {2005}
}

@article{Corbett2010,
  author  = {Corbett, Greville G.},
  doi     = {10.3366/word.2010.0002},
  journal = {Word Structure},
  number  = {2},
  pages   = {141--155},
  title   = {{Canonical derivational morphology}},
  volume  = {3},
  year    = {2010}
}

@incollection{Creissels2017,
  author       = {Creissels, Denis},
  booksubtitle = {{Cross-linguistic, cross-theoretical and language acquisition approaches}},
  booktitle    = {{Lexical polycategoriality}},
  doi          = {10.1075/slcs.182.02cre},
  editor       = {Vapnarsky, Valentina and Veneziano, Edy},
  publisher    = {John Benjamins},
  series       = {Studies in Language Companion Series 182},
  title        = {{The flexibility of the noun/verb distinction in the lexicon of Mandinka}},
  year         = {2017}
}

@article{Croft1984,
  author  = {Croft, William},
  journal = {Chicago Linguistic Society},
  pages   = {53--71},
  title   = {{Semantic and pragmatic correlates to syntactic categories}},
  volume  = {20},
  year    = {1984}
}

@book{Croft1991,
  author    = {Croft, William},
  publisher = {University of Chicago Press},
  subtitle  = {{The cognitive organization of information}},
  title     = {{Syntactic categories and grammatical relations}},
  year      = {1991}
}

@incollection{Croft1995,
  author    = {Croft, William},
  booktitle = {{Approaches to language typology}},
  editor    = {Shibatani, Masayoshi and Bynon, Theodora},
  pages     = {85--144},
  publisher = {Oxford University Press},
  title     = {{Modern syntactic typology}},
  year      = {1995}
}

@incollection{Croft2000,
  author    = {Croft, William},
  booktitle = {{Approaches to the typology of word classes}},
  editor    = {Vogel, Petra M. and Comrie, Bernard},
  pages     = {65--102},
  publisher = {Mouton de Gruyter},
  series    = {Empirical Approaches to Language Typology 23},
  title     = {{Parts of speech as typological universals and language particular categories}},
  year      = {2000}
}

@misc{Croft2001,
  author    = {Croft, William},
  booktitle = {International encyclopedia of the social {\&} behavioral sciences},
  doi       = {10.1016/b0-08-043076-7/02946-6},
  pages     = {6323--6330},
  publisher = {Elsevier},
  subtitle  = {{Functional approaches}},
  title     = {{Grammar}},
  year      = {2001}
}

@book{Croft2001b,
  author    = {Croft, William},
  doi       = {10.1093/acprof:oso/9780198299554.001.0001},
  publisher = {Oxford University Press},
  subtitle  = {{Syntactic theory in typological perspective}},
  title     = {{Radical Construction Grammar}},
  year      = {2001}
}

@book{Croft2003,
  author    = {Croft, William},
  doi       = {10.1017/CBO9780511840579},
  edition   = {2},
  publisher = {Cambridge University Press},
  series    = {Cambridge Textbooks in Linguistics},
  title     = {{Typology and universals}},
  year      = {2003}
}

@article{Croft2005,
  author  = {Croft, William},
  doi     = {10.1515/lity.2005.9.3.391},
  journal = {Linguistic Typology},
  number  = {3},
  pages   = {431--441},
  title   = {{Word classes, parts of speech, and syntactic argumentation}},
  volume  = {9},
  year    = {2005}
}

@article{Croft2007,
  author   = {Croft, William},
  doi      = {10.1075/sl.31.2.05cro},
  journal  = {Studies in Language},
  number   = {2},
  pages    = {409--430},
  subtitle = {{A reply to Aarts}},
  title    = {{Beyond Aristotle and gradience}},
  volume   = {31},
  year     = {2007}
}

@article{Croft2014,
  author   = {Croft, William},
  doi      = {10.1515/lingty-2014-0021},
  journal  = {Linguistic Typology},
  number   = {3},
  pages    = {533--551},
  subtitle = {{The diversity of ditransitives}},
  title    = {{Comparing categories and constructions crosslinguistically (again)}},
  volume   = {18},
  year     = {2014}
}

@article{Croft2016,
  author   = {Croft, William},
  doi      = {10.1515/lingty-2016-0012},
  journal  = {Linguistic Typology},
  number   = {2},
  pages    = {377--393},
  subtitle = {{Theory and practice}},
  title    = {{Comparative concepts and language-specific categories}},
  volume   = {20},
  year     = {2016}
}

@incollection{Croftfc,
  author    = {Croft, William},
  booktitle = {{The Oxford handbook of word classes}},
  editor    = {van Lier, Eva},
  publisher = {Oxford University Press},
  pubstate  = {forthcoming},
  title     = {{Word classes in Radical Construction Grammar}},
}

@article{CroftLier2012,
  author  = {Croft, William and van Lier, Eva},
  doi     = {10.1515/tl-2012-0002},
  journal = {Theoretical Linguistics},
  number  = {1-2},
  pages   = {57--72},
  title   = {{Language universals without universal categories}},
  volume  = {38},
  year    = {2012}
}

@article{Crystal1967,
  author  = {Crystal, David},
  doi     = {10.1016/0024-3841(66)90003-9},
  journal = {Lingua},
  number  = {3-4},
  pages   = {24--56},
  title   = {{English}},
  volume  = {17},
  year    = {1967}
}

@book{Crystal2008,
  author    = {Crystal, David},
  doi       = {10.1002/9781444302776},
  edition   = {6},
  publisher = {Blackwell},
  series    = {The Language Library},
  title     = {{A dictionary of linguistics and phonetics}},
  year      = {2008}
}

@book{Culicover1999,
  author    = {Culicover, Peter W.},
  publisher = {Oxford University Press},
  series    = {Foundations of Syntax 1},
  subtitle  = {{Hard cases, syntactic theory, and language acquisition}},
  title     = {{Syntactic nuts}},
  year      = {1999}
}

% D

@article{DavisGillonMatthewson2014,
  author   = {Davis, Henry and Gillon, Carrie and Matthewson, Lisa},
  doi      = {10.1353/lan.2014.0076},
  journal  = {Language},
  number   = {4},
  pages    = {e180--e226},
  subtitle = {{Lessons from the Pacific Northwest}},
  title    = {{How to investigate linguistic diversity}},
  volume   = {90},
  year     = {2014}
}

@book{Dixon2004,
  editor    = {Dixon, R. M. W. and Aikhenvald, Alexandra Y.},
  publisher = {Oxford University Press},
  series    = {Explorations in Linguistic Typology 1},
  subtitle  = {{A cross-linguistic typology}},
  title     = {{Adjective classes}},
  year      = {2004}
}

@book{Dixon2010,
  author    = {Dixon, R. M. W.},
  publisher = {Oxford University Press},
  title     = {{Basic Linguistic Theory, Vol. 1: Methodology}},
  year      = {2010}
}

@incollection{Dryer2013,
  author    = {Dryer, Matthew S.},
  booktitle = {The World Atlas of Language Structures Online},
  chapter   = {33},
  editor    = {Dryer, Matthew S. and Haspelmath, Martin},
  publisher = {Max Planck Institute for Evolutionary Anthropology},
  title     = {{Coding of nominal plurality}},
  url       = {http://wals.info/chapter/33},
  year      = {2013}
}

@article{DuBois1987,
  author  = {{Du Bois}, John W.},
  doi     = {10.2307/415719},
  journal = {Language},
  number  = {4},
  pages   = {805--855},
  title   = {{The discourse basis of ergativity}},
  volume  = {63},
  year    = {1987}
}

@incollection{DuncanSwitzlerZenk2023,
  author       = {Duncan, Philip T. and Switzler, Valerie (Lamxayat) and Zenk, Henry B.},
  booksubtitle = {{A comprehensive guide}},
  booktitle    = {{The languages and linguistics of indigenous North America}},
  editor       = {Jany, Carmen and Mithun, Marianne and Rice, Keren},
  publisher    = {Mouton de Gruyter},
  series       = {The World of Linguistics 13},
  title        = {{Chinookan}},
  year         = {2023}
}

% E

@article{EijkHess1986,
  author  = {van Eijk, Jan P. and Hess, Thom},
  doi     = {10.1016/0024-3841(86)90061-6},
  journal = {Lingua},
  number  = {4},
  pages   = {319--331},
  title   = {{Noun and verb in Salish}},
  volume  = {69},
  year    = {1986}
}

@article{EvansOsada2005,
  author   = {Evans, Nicholas and Osada, Toshiki},
  doi      = {10.1515/lity.2005.9.3.351},
  journal  = {Linguistic Typology},
  number   = {3},
  pages    = {351--390},
  subtitle = {{The myth of a language without word classes}},
  title    = {{Mundari}},
  volume   = {9},
  year     = {2005}
}

% F

@article{Farrell2001,
  author  = {Farrell, Patrick},
  doi     = {10.1017/S1360674301000156},
  journal = {English Language {\&} Linguistics},
  number  = {1},
  pages   = {109--130},
  title   = {{Functional shift as category underspecification}},
  volume  = {5},
  year    = {2001}
}

@article{Floyd2011,
  author  = {Floyd, Simeon},
  doi     = {10.1515/LITY.2011.003},
  journal = {Linguistic Typology},
  number  = {2011},
  pages   = {25--63},
  title   = {{Re-discovering the Quechua adjective}},
  volume  = {15},
  year    = {2011}
}

@incollection{Frachtenberg1922,
  author    = {Frachtenberg, Leo J.},
  booktitle = {{Handbook of American Indian languages}},
  editor    = {Boas, Franz},
  pages     = {297--430},
  publisher = {Smithsonian Institution},
  series    = {Bureau of American Ethnology Bulletins 40},
  title     = {{Coos}},
  volume    = {2},
  year      = {1922}
}

% G

@article{Gil1993,
  author  = {Gil, David},
  journal = {Southeast Asian Linguistics Society},
  pages   = {67--90},
  title   = {{Parts of speech in Tagalog}},
  volume  = {3},
  year    = {1993}
}

@article{Gil1994,
  author  = {Gil, David},
  doi     = {10.1017/S0332586500003000},
  journal = {Nordic Journal of Linguistics},
  number  = {2},
  pages   = {179--200},
  title   = {{The structure of Riau Indonesian}},
  volume  = {17},
  year    = {1994}
}

@article{Gries2008,
  author  = {Gries, Stefan Th.},
  doi     = {10.1075/ijcl.13.4.02gri},
  journal = {International Journal of Corpus Linguistics},
  number  = {4},
  pages   = {403--437},
  title   = {{Dispersions and adjusted frequencies in corpora}},
  volume  = {13},
  year    = {2008}
}

@incollection{Griesforthcoming,
  author    = {Gries, Stefan Th.},
  booktitle = {{Applications of cognitive linguistics}},
  editor    = {Boas, Hans C.},
  publisher = {Mouton de Gruyter},
  pubstate  = {forthcoming},
  title     = {On, or against?, (just) frequency}
}

% H

@misc{HammarstromForkelHaspelmath2019,
  author       = {Hammarström, Harald and Forkel, Robert and Haspelmath, Martin},
  howpublished = {Max Planck Institute for the Science of Human History},
  title        = {{Glottolog 4.0}},
  url          = {https://glottolog.org},
  year         = {2019}
}

@book{Hardjadibrata1985,
  author    = {Hardjadibrata, R. R.},
  publisher = {Australian National University},
  series    = {Pacific Linguistics Series D 65},
  subtitle  = {{A syntactical analysis}},
  title     = {{Sundanese}},
  year      = {1985}
}

@incollection{Haspelmath2003,
  author    = {Haspelmath, Martin},
  booktitle = {The new psychology of language},
  editor    = {Tomasello, Michael},
  pages     = {211--242},
  publisher = {Lawrence Erlbaum},
  subtitle  = {{Semantic maps and cross-linguistic comparison}},
  title     = {{The geometry of grammatical meaning}},
  volume    = {2},
  year      = {2003}
}

@article{Haspelmath2007,
  author   = {Haspelmath, Martin},
  doi      = {10.1515/LINGTY.2007.011},
  journal  = {Linguistic Typology},
  number   = {1},
  pages    = {119--132},
  subtitle = {{Consequences for language description and typology}},
  title    = {{Pre-established categories don't exist}},
  volume   = {11},
  year     = {2007}
}

@article{Haspelmath2010a,
  author   = {Haspelmath, Martin},
  doi      = {10.1353/lan.2010.0021},
  journal  = {Language},
  number   = {3},
  pages    = {663--687},
  title    = {{Comparative concepts and descriptive categories in crosslinguistic studies}},
  volume   = {86},
  year     = {2010}
}

@incollection{Haspelmath2010b,
  author    = {Haspelmath, Martin},
  booktitle = {{The Oxford handbook of linguistic analysis}},
  doi       = {10.1093/oxfordhb/9780199544004.013.0014},
  editor    = {Heine, Bernd and Narrog, Heiko},
  pages     = {341--366},
  publisher = {Oxford University Press},
  series    = {Oxford Handbooks in Linguistics},
  title     = {{Framework-free grammatical theory}},
  year      = {2010}
}

@article{Haspelmath2010c,
  author   = {Haspelmath, Martin},
  doi      = {10.1353/lan.2010.0021},
  journal  = {Language},
  number   = {3},
  pages    = {696--699},
  title    = {{The interplay between comparative concepts and descriptive categories (Reply to Newmeyer})},
  volume   = {86},
  year     = {2010}
}

@article{Haspelmath2017,
  author   = {Haspelmath, Martin},
  doi      = {10125/24725},
  journal  = {Language Documentation \& Conservation},
  pages    = {81--93},
  title    = {{Some principles for language names}},
  volume   = {11},
  year     = {2017}
}

@incollection{Haspelmath2018,
  author    = {Haspelmath, Martin},
  booktitle = {{Aspects of linguistic variation}},
  doi       = {10.1515/9783110607963-004},
  editor    = {{Van Olmen}, Daniël and Mortelmans, Tanja and Brisard, Frank},
  publisher = {Mouton de Gruyter},
  series    = {Trends in Linguistics: Studies {\&} Monographs 324},
  title     = {{How comparative concepts and descriptive linguistic categories are different}},
  year      = {2019}
}

@article{Hebert1983,
  author  = {Hébert, Yvonne M.},
  journal = {Kansas Working Papers in Linguistics},
  number  = {2},
  pages   = {31--82},
  title   = {Noun and Verb in a Salishan language},
  volume  = {8},
  year    = {1983}
}

@article{HengeveldRijkhoff2005,
  author  = {Hengeveld, Kees and Rijkhoff, Jan},
  doi     = {10.1515/lity.2005.9.3.391},
  journal = {Linguistic Typology},
  number  = {3},
  pages   = {406--431},
  title   = {{Mundari as a flexible language}},
  volume  = {9},
  year    = {2005}
}

@article{Hieber2013,
  author   = {Hieber, Daniel W.},
  doi      = {10.1515/lity-2013-0013},
  journal  = {Linguistic Typology},
  number   = {2},
  pages    = {291--321},
  subtitle = {{A linguist's personal narrative reviewed}},
  title    = {{On linguistics, linguists, and our times}},
  volume   = {17},
  year     = {2013}
}

@misc{Hieber2020a,
  author = {Hieber, Daniel W.},
  doi    = {10.5281/zenodo.1438589},
  title  = {{The Data Format for Digital Linguistics (DaFoDiL)}},
  year   = {2020}
}

@misc{Hieber2020b,
  author = {Hieber, Daniel W.},
  doi    = {10.5281/zenodo.2595548},
  title  = {{Scription}},
  year   = {2020}
}

@incollection{Hieberforthcoming,
  author       = {Hieber, Daniel W.},
  booksubtitle = {{A comprehensive guide}},
  booktitle    = {{The languages and linguistics of indigenous North America}},
  editor       = {Jany, Carmen and Mithun, Marianne and Rice, Keren},
  publisher    = {Mouton de Gruyter},
  pubstate     = {forthcoming},
  series       = {The World of Linguistics 13},
  title        = {{Word classes}},
}

@article{HopperThompson1984,
  author  = {Hopper, Paul J. and Thompson, Sandra A.},
  doi     = {10.2307/413797},
  journal = {Language},
  number  = {4},
  pages   = {703--752},
  title   = {{The discourse basis for lexical categories in Universal Grammar}},
  volume  = {60},
  year    = {1984}
}

@book{HopperTraugott2003,
  author    = {Hopper, Paul J. and Traugott, Elizabeth Closs},
  doi       = {10.1017/CBO9781139165525},
  edition   = {2},
  publisher = {Cambridge University Press},
  series    = {Cambridge Textbooks in Linguistics},
  title     = {{Grammaticalization}},
  year      = {2003}
}

@article{Hudson1994,
  author  = {Hudson, Richard},
  doi     = {10.2307/415831},
  journal = {Language},
  number  = {2},
  pages   = {331--339},
  title   = {{About 37{\%} of word-tokens are nouns}},
  volume  = {70},
  year    = {1994}
}

% J

@incollection{Jacobsen1979,
  author    = {Jacobsen, William H., Jr.},
  booktitle = {{The Victoria conference on northwestern languages}},
  editor    = {Efrat, Barbara S.},
  pages     = {83--153},
  publisher = {British Columbia Provincial Museum},
  series    = {Heritage Record 4},
  title     = {{Noun and verb in Nootkan}},
  year      = {1979}
}

@book{Jacobson2012,
  author    = {Jacobson, Steven A.},
  edition   = {2},
  publisher = {Alaska Native Language Center},
  title     = {Yup'ik Eskimo dictionary (2 vols.)},
  year      = {2012}
}

@article{JelinekDemers1994,
  author = {Jelinek, Eloise and Demers, Richard A.},
  doi    = {10.4324/9780203068236},
  number = {4},
  pages  = {68--111},
  title  = {{Predicates and prenominal arguments in Straits Salish}},
  volume = {70},
  year   = {1994}
}

% K

@incollection{Kastovsky1996,
  author    = {Kastovsky, Dieter},
  booktitle = {{English historical linguistics 1994}},
  editor    = {Britton, Derek},
  pages     = {93--118},
  publisher = {John Benjamins},
  series    = {Current Issues in Linguistic Theory 135},
  subtitle  = {{A historical survey, or, much ado about nothing}},
  title     = {{Verbal derivation in English}},
  year      = {1996}
}

@article{Kinkade1983,
  author  = {Kinkade, M. Dale},
  doi     = {10.1016/0024-3841(83)90045-1},
  journal = {Lingua},
  number  = {1},
  pages   = {25--39},
  title   = {{Salish evidence against the universality of `noun' and `verb'}},
  volume  = {60},
  year    = {1983}
}

@article{Kuipers1968,
  author  = {Kuipers, Aert H.},
  doi     = {10.1016/0024-3841(68)90080-6},
  journal = {Lingua},
  pages   = {610--626},
  title   = {{The categories verb-noun and transitive-intransitive in English and Squamish}},
  volume  = {21},
  year    = {1968}
}

% L

@book{Launey1994,
  author    = {Launey, Michel},
  publisher = {CNRS},
  series    = {Sciences du Langage},
  subtitle  = {{Essai sur la morphosyntaxe du nahuatl classique}},
  title     = {{Une grammaire omniprédicative}},
  year      = {1994}
}

@article{Launey2004,
  author  = {Launey, Michel},
  doi     = {10.1524/stuf.2004.57.1.49},
  journal = {STUF},
  number  = {1},
  pages   = {49--69},
  title   = {{The features of omnipredicativity in Classical Nahuatl}},
  volume  = {57},
  year    = {2004}
}

@article{Lichtenberk1991,
  author  = {Lichtenberk, Frantisek},
  doi     = {10.1353/lan.1991.0009},
  journal = {Language},
  number  = {3},
  pages   = {475--509},
  title   = {{Semantic change and heterosemy in grammaticalization}},
  volume  = {67},
  year    = {1991}
}

@article{Lier2017,
  author  = {van Lier, Eva},
  doi     = {10.1515/ling-2017-0027},
  journal = {Linguistics},
  number  = {6},
  pages   = {1237--1280},
  title   = {{The typology of property words in Oceanic languages}},
  volume  = {55},
  year    = {2017}
}

@book{Little2003,
  author    = {Little, Caroline},
  editor    = {Nakayama, Toshihide},
  publisher = {Nakanishi Press},
  series    = {Endangered Languages of the Pacific Rim A2-27},
  title     = {Caroline Little's Nuu-chah-nulth (Ahousaht) texts with grammatical analysis},
  year      = {2003}
}

@book{Louie2003,
  author    = {Louie, George},
  editor    = {Nakayama, Toshihide},
  publisher = {Nakanishi Press},
  series    = {Endangered Languages of the Pacific Rim A2-028},
  title     = {George Louie's Nuu-chah-nulth (Ahousaht) texts with grammatical analysis},
  year      = {2003}
}

@article{Luuk2010,
  author   = {Luuk, Erkki},
  doi      = {10.1016/j.langsci.2009.02.001},
  journal  = {Language Sciences},
  number   = {3},
  pages    = {349--365},
  subtitle = {{Implications for typologies of word classes}},
  title    = {{Nouns, verbs and flexibles}},
  volume   = {32},
  year     = {2010}
}

% M

@thesis{Mattina1996,
  author = {Mattina, Nancy J.},
  school = {Simon Fraser University},
  title  = {{Aspect and category in Okanagan word formation}},
  type   = {Ph.D. thesis},
  year   = {1996}
}

@article{McDonald2013,
  author   = {McDonald, Edward},
  month    = {6},
  journal  = {History {\&} Philosophy of the Language Sciences},
  subtitle = {`Translingual practice' across Graeco-Roman and Sinitic traditions},
  title    = {{The creation of `parts of speech' for Chinese}},
  url      = {https://hiphilangsci.net/2013/06/12/the-creation-of-parts-of-speech-for-chinese-translingual-practice-across-graeco-roman-and-sinitic-traditions/},
  year     = {2013}
}

@incollection{McGinnisArchibald2016,
  address   = {Cambridge},
  author    = {McGinnis-Archibald, Martha},
  booktitle = {{The Cambridge handbook of morphology}},
  editor    = {Hippisley, Andrew and Stump, Gregory},
  publisher = {Cambridge University Press},
  series    = {Cambridge Handbooks in Language {\&} Linguistics},
  title     = {{Distributed Morphology}},
  year      = {2016}
}

@incollection{Mithun2000,
  author    = {Mithun, Marianne},
  booktitle = {{Approaches to the typology of word classes}},
  doi       = {10.1515/9783110806120.397},
  editor    = {Vogel, Petra M. and Comrie, Bernard},
  pages     = {397--420},
  publisher = {Mouton de Gruyter},
  subtitle  = {{Multicategorisation from multiple criteria}},
  title     = {{Noun and verb in Iroquoian}},
  year      = {2000}
}

@incollection{Mithun2017,
  author       = {Mithun, Marianne},
  booksubtitle = {{Cross-linguistic, cross-theoretical and language acquisition approaches}},
  booktitle    = {{Lexical polycategoriality}},
  doi          = {10.1075/slcs.182.06mit},
  editor       = {Vapnarsky, Valentina and Veneziano, Edy},
  pages        = {155--176},
  publisher    = {John Benjamins},
  subtitle     = {{Insights from Central Alaskan Yup'ik Eskimo}},
  series       = {Studies in Language Companion Series 182},
  title        = {{Polycategoriality and zero derivation}},
  year         = {2017}
}

@article{Montler2003,
  author  = {Montler, Timothy},
  doi     = {10.1086/379680},
  journal = {International Journal of American Linguistics},
  number  = {2},
  pages   = {103--134},
  title   = {{Auxiliaries and other categories in Straits Salishan}},
  volume  = {69},
  year    = {2003}
}

@thesis{Morgan1991,
  author = {Morgan, Lawrence},
  school = {University of California, Berkeley},
  title  = {{A description of the Kutenai language}},
  type   = {Ph.D. thesis},
  year   = {1991}
}

@book{MoselHovdhaugen1992,
  author    = {Mosel, Ulrike and Hovdhaugen, Even},
  publisher = {Scandanavian University Press},
  title     = {{Samoan reference grammar}},
  year      = {1992}
}

% N

@book{Nakayama2001,
  author    = {Nakayama, Toshihide},
  publisher = {University of California Press},
  series    = {University of California Publications in Linguistics 134},
  title     = {{Nuuchahnulth (Nootka) morphosyntax}},
  year      = {2001}
}

@article{Newmeyer2010,
  author   = {Newmeyer, Frederick J.},
  doi      = {10.1353/lan.2010.0000},
  journal  = {Language},
  number   = {3},
  pages    = {688--695},
  subtitle = {{A reply to Haspelmath}},
  title    = {{On comparative concepts and descriptive categories}},
  volume   = {86},
  year     = {2010}
}

% O

@book{OANC,
  author = {Ide, Nancy and Suderman, Keith},
  title  = {Open American National Corpus},
  url    = {http://www.anc.org/},
  year   = {2005}
}

% P

@article{Palmer2017,
  author   = {Palmer, Bill},
  doi      = {10.1075/sl.41.2.05pal},
  journal  = {Studies in Language},
  number   = {2},
  pages    = {408--444},
  subtitle = {{Pronouns, articles, and the DP in Hoava and Standard Fijian}},
  title    = {{Categorial flexibility as an artefact of the analysis}},
  volume   = {41},
  year     = {2017}
}

@incollection{PantherThornburg2007,
  author    = {Panther, Klaus-Uwe and Thornburg, Linda L.},
  booktitle = {The Oxford handbook of cognitive linguistics},
  editor    = {Geeraerts, Dirk and Cuyckens, Hubert},
  pages     = {236--263},
  publisher = {Oxford University Press},
  title     = {{Metonymy}},
  year      = {2007}
}

@periodical{Plank2016,
  title         = {{Linguistic Typology}},
  editor        = {Plank, Frans},
  issuesubtitle = {{Language-particular – comparative – universal}},
  issuetitle    = {{Of categories}},
  number        = {2},
  volume        = {20},
  year          = {2016}
}

@article{PolinskyMagyar2020,
  author   = {Polinsky, Maria and Magyar, Lilla},
  doi      = {10.3390/languages5010009},
  journal  = {Languages},
  number   = {1},
  pages    = {1--25},
  subtitle = {{The case of verb-to-noun ratios}},
  title    = {{Headedness and the lexicon}},
  volume   = {5},
  year     = {2020}
}

% R

@article{Rijkhoff2007,
  author  = {Rijkhoff, Jan},
  doi     = {10.1111/j.1749-818x.2007.00030.x Word},
  journal = {Language {\&} Linguistics Compass},
  number  = {6},
  pages   = {709--726},
  title   = {{Word classes}},
  volume  = {1},
  year    = {2007}
}

@article{Robins1968,
  author  = {Robins, R. H.},
  doi     = {10.1016/0024-3841(68)90061-2},
  journal = {Lingua},
  number  = {C},
  pages   = {351--358},
  title   = {{Basic sentence structures in Sundanese}},
  volume  = {21},
  year    = {1968}
}

@thesis{Rogers2016,
  author   = {Rogers, Phillip},
  school   = {University of New Mexico},
  subtitle = {{A multidimensional scaling analysis}},
  title    = {{Illustrating the prototype structures of parts of speech}},
  type     = {M.A. thesis},
  year     = {2016}
}

@article{Ross1972,
  author   = {Ross, John Robert},
  journal  = {Chicago Linguistic Society},
  pages    = {316--328},
  subtitle = {{Endstation Hauptwort}},
  title    = {{The category squish}},
  volume   = {8},
  year     = {1972}
}

% S

@article{Sadock1999,
  author   = {Sadock, Jerrold M.},
  doi      = {10.1086/466400},
  journal  = {International Journal of American Linguistics},
  number   = {4},
  pages    = {383--406},
  subtitle = {{A case study in scientific self-deception}},
  title    = {{The nominalist theory of Eskimo}},
  volume   = {65},
  year     = {1999}
}

@article{Sasse1988,
  author  = {Sasse, Hans Jürgen},
  doi     = {10.1515/ZFSW.1988.7.2.173},
  journal = {Zeitschrift für Sprachwissenschaft},
  pages   = {173--213},
  title   = {{Der irokesische Sprachtyp}},
  volume  = {7},
  year    = {1988}
}

@incollection{SchachterShopen2007,
  author    = {Schachter, Paul and Shopen, Timothy},
  booktitle = {{Language typology and syntactic description, Vol. 1: Clause structure}},
  doi       = {10.1017/CBO9780511619427.001},
  edition   = {2},
  editor    = {Shopen, Timothy},
  pages     = {1--60},
  publisher = {Cambridge University Press},
  title     = {{Parts-of-speech systems}},
  year      = {2007}
}

@incollection{Siddiqi2018,
  author    = {Siddiqi, Daniel},
  booktitle = {{The Oxford handbook of morphological theory}},
  doi       = {10.1093/oxfordhb/9780199668984.013.15},
  editor    = {Audring, Jenny and Masini, Francesca},
  pages     = {143--165},
  publisher = {Oxford University Press},
  series    = {Oxford Handbooks in Linguistics},
  title     = {Distributed Morphology},
  year      = {2018}
}

@article{Simon1937,
  author  = {Simon, Walter},
  doi     = {10.1111/j.1467-968X.1937.tb00675.x},
  journal = {Transactions of the Philological Society},
  number  = {1},
  pages   = {99--119},
  title   = {{Has the Chinese language parts of speech?}},
  volume  = {36},
  year    = {1937}
}

@book{Song2001,
  author    = {Song, Jae Jung},
  doi       = {10.4324/9781315840628},
  publisher = {Routledge},
  series    = {Longman Linguistics Library},
  subtitle  = {{Morphology and syntax}},
  title     = {{Linguistic typology}},
  year      = {2001}
}

@book{Song2018,
  author    = {Song, Jae Jung},
  publisher = {Oxford University Press},
  series    = {Oxford Textbooks in Linguistics},
  title     = {{Linguistic typology}},
  year      = {2018}
}

@book{Stassen1997,
  author    = {Stassen, Leon},
  publisher = {Clarendon Press},
  series    = {Oxford Studies in Typology {\&} Linguistic Theory},
  title     = {{Intransitive predication}},
  year      = {1997}
}

@incollection{Stassen2011,
  author    = {Stassen, Leon},
  booktitle = {{The {Oxford} handbook of linguistic typology}},
  doi       = {10.1093/oxfordhb/9780199281251.013.0006},
  editor    = {Song, Jae Jung},
  pages     = {90--99},
  publisher = {Oxford University Press},
  series    = {Oxford Handbooks in Linguistics},
  title     = {{The problem of cross-linguistic identification}},
  year      = {2011}
}

@book{Sun2020,
  author    = {Sun, Linlin},
  doi       = {10.1515/9783110660791},
  publisher = {Mouton de Gruyter},
  series    = {Trends in Linguistics: Studies {\&} Monographs 334},
  title     = {{Flexibility in the parts-of-speech system of Classical Chinese}},
  year      = {2020}
}

@article{Swadesh1939b,
  author  = {Swadesh, Morris},
  doi     = {10.1086/463820},
  journal = {International Journal of American Linguistics},
  number  = {2},
  pages   = {77--102},
  title   = {{Nootka internal syntax}},
  volume  = {9},
  year    = {1939}
}

% T

@book{Taylor2003,
  author    = {Taylor, John R.},
  edition   = {3},
  origyear  = {1989},
  publisher = {Oxford University Press},
  series    = {Oxford Textbooks in Linguistics},
  title     = {{Linguistic categorization}},
  year      = {2003}
}


@incollection{Thalbitzer1922,
  author    = {Thalbitzer, William},
  booktitle = {{Handbook of American Indian languages}},
  editor    = {Boas, Franz},
  pages     = {971--1069},
  publisher = {Smithsonian Institution},
  series    = {Bureau of American Ethnology Bulletins 40},
  title     = {{Eskimo}},
  volume    = {2},
  year      = {1922}
}

@incollection{Thompson1989,
  author    = {Thompson, Sandra A.},
  booktitle = {{Linguistic categorization}},
  doi       = {10.1075/cilt.61.16tho},
  editor    = {Corrigan, Roberta and Eckman, Fred R. and Noonan, Michael},
  pages     = {245--266},
  publisher = {John Benjamins},
  series    = {Current Issues in Linguistic Theory 61},
  title     = {{A discourse approach to the cross-linguistic category `Adjective'}},
  year      = {1989}
}

@book{TraugottTrousdale2010,
  doi       = {10.1075/tsl.90},
  editor    = {Traugott, Elizabeth Closs and Trousdale, Graeme},
  publisher = {John Benjamins},
  series    = {Typological Studies in Language 90},
  title     = {{Gradience, gradualness and grammaticalization}},
  year      = {2010}
}

% V

@incollection{VapnarskyVeneziano2017,
  author       = {Vapnarsky, Valentina and Veneziano, Edy},
  booksubtitle = {{Cross-linguistic, cross-theoretical and language acquisition approaches}},
  booktitle    = {{Lexical polycategoriality}},
  doi          = {10.1075/slcs.182.01val},
  editor       = {Vapnarsky, Valentina and Veneziano, Edy},
  pages        = {1--33},
  publisher    = {John Benjamins},
  series       = {Studies in Language Companion Series 182},
  subtitle     = {{An introduction}},
  title        = {{Lexical polycategoriality – Cross-linguistic, cross-theoretical and language acquisition approaches}},
  year         = {2017}
}


@book{Velupillai2012,
  author    = {Velupillai, Viveka},
  doi       = {10.1075/z.176},
  publisher = {John Benjamins},
  title     = {{An introduction to linguistic typology}},
  year      = {2012}
}

@article{Vonen1994,
  author  = {Vonen, Arnfinn M.},
  doi     = {10.1017/S0332586500002997},
  journal = {Nordic Journal of Linguistics},
  number  = {2},
  pages   = {155--178},
  title   = {{Multifunctionality and morphology in Tokelau and English}},
  volume  = {17},
  year    = {1994}
}

@phdthesis{Vries1989,
  author = {de Vries, Lourens},
  school = {University of Amsterdam},
  title  = {{Studies in Wambon and Kombai}},
  type   = {Ph.D. thesis},
  year   = {1989}
}

% W

@incollection{Wetzer1992,
  author       = {Wetzer, Harrie},
  booksubtitle = {{Cross-linguistic perspectives}},
  booktitle    = {{Meaning and grammar}},
  doi          = {10.1515/9783110851656.223},
  editor       = {Kefer, Michel and van der Auwera, Johan},
  pages        = {223--263},
  publisher    = {Mouton de Gruyter},
  series       = {Empirical Approaches to Language Typology 10},
  subtitle     = {{A typology of predicative adjectival constructions}},
  title        = {``Nouny" and ``verby" adjectivals},
  year         = {1992}
}

@book{Wetzer1996,
  author    = {Wetzer, Harrie},
  doi       = {10.1515/9783110813586},
  publisher = {Mouton de Gruyter},
  series    = {Empirical Approaches to Language Typology 17},
  title     = {{The typology of adjectival predication}},
  year      = {1996}
}

@book{Whaley1997,
  author    = {Whaley, Lindsay J.},
  publisher = {SAGE Publications},
  subtitle  = {{The unity and diversity of language}},
  title     = {{Introduction to typology}},
  year      = {1997}
}
